
@article{stads,
  author     = {B\"{o}hme, Marcel},
  journal    = {ACM Transactions on Software Engineering and Methodology},
  title      = {{STADS}: Software Testing as Species Discovery},
  issue_date = {June 2018},
  volume     = {27},
  number     = {2},
  month      = jun,
  year       = {2018},
  pages      = {7:1--7:52},
  articleno  = {7},
  numpages   = {52},
  doi        = {10.1145/3210309}
}

@inproceedings{residual2021,
  author    = {B\"{o}hme, Marcel and Liyanage, Danushka and W\"{u}stholz, Valentin},
  title     = {Estimating Residual Risk in Greybox Fuzzing},
  year      = {2021},
  isbn      = {9781450385626},
  publisher = {Association for Computing Machinery},
  address   = {New York, NY, USA},
  url       = {https://doi.org/10.1145/3468264.3468570},
  doi       = {10.1145/3468264.3468570},
  pages     = {230–241},
  numpages  = {12},
  keywords  = {assurance, correctness, statistics, software testing, estimation},
  location  = {Athens, Greece},
  series    = {ESEC/FSE 2021},
  booktitle = {Proceedings of the 2021 ACM Joint European Software Engineering Conference and Symposium on the Foundations of Software Engineering},
  series    = {ESEC/FSE 2021}
}

@inproceedings{bedivfuzz,
  author    = {Nguyen, Hoang Lam and Grunske, Lars},
  title     = {BeDivFuzz: Integrating Behavioral Diversity into Generator-based Fuzzing},
  year      = {2022},
  booktitle = {Proceedings of the 44th International Conference on Software Engineering},
  series    = {ICSE '22},
  pages     = {1-13}
}

@inproceedings{entropic,
  author    = {B{\"o}hme, Marcel and Man{\`e}s, Valentin and Cha, Sang Kil},
  title     = {Boosting Fuzzer Efficiency: An Information Theoretic Perspective},
  booktitle = {Proceedings of the 14th Joint meeting of the European Software Engineering Conference and the ACM SIGSOFT Symposium on the Foundations of Software Engineering},
  series    = {ESEC/FSE},
  year      = {2020},
  pages     = {970-981},
  numpages  = {12},
  doi       = {10.1145/3368089.3409748}
}

@article{colwell2012models,
  title={Models and estimators linking individual-based and sample-based rarefaction, extrapolation and comparison of assemblages},
  author={Colwell, Robert K and Chao, Anne and Gotelli, Nicholas J and Lin, Shang-Yi and Mao, Chang Xuan and Chazdon, Robin L and Longino, John T},
  journal={Journal of plant ecology},
  volume={5},
  number={1},
  pages={3--21},
  year={2012},
  publisher={Oxford University Press}
}

@article{Chao_etal:2017,
   author = {Chao, Anne and Colwell, Robert K},
   title = {Thirty years of progeny from Chao's inequality: Estimating and comparing richness with incidence data and incomplete sampling},
   journal = {SORT: statistics and operations research transactions},
   volume = {41},
   number = {1},
   pages = {0003-54},
   ISSN = {2013-8830},
   year = {2017},
   type = {Journal Article}
}

@inproceedings{reachability_2023,
author = {Liyanage, Danushka and B\"{o}hme, Marcel and Tantithamthavorn, Chakkrit and Lipp, Stephan},
title = {Reachable Coverage: Estimating Saturation in Fuzzing},
year = {2023},
isbn = {9781665457019},
publisher = {IEEE Press},
url = {https://doi.org/10.1109/ICSE48619.2023.00042},
doi = {10.1109/ICSE48619.2023.00042},
booktitle = {Proceedings of the 45th International Conference on Software Engineering},
pages = {371–383},
numpages = {13},
location = {Melbourne, Victoria, Australia},
series = {ICSE '23}
}

@INPROCEEDINGS{roadmap,
  author={Böhme, Marcel},
  booktitle={2019 IEEE/ACM 41st International Conference on Software Engineering: New Ideas and Emerging Results (ICSE-NIER)}, 
  title={Assurances in Software Testing: A Roadmap}, 
  year={2019},
  volume={},
  number={},
  pages={5-8},
  keywords={Fuzzing;Security;Probability;Software;Medical devices;guarantees;residual risk;cost benefit tradeoff;statistics},
  doi={10.1109/ICSE-NIER.2019.00010}}

@inproceedings{doctoral_2021,
author = {Liyanage, Danushka},
title = {Security guarantees for automated software testing},
year = {2021},
isbn = {9781450385626},
publisher = {Association for Computing Machinery},
address = {New York, NY, USA},
url = {https://doi.org/10.1145/3468264.3473097},
doi = {10.1145/3468264.3473097},
pages = {1610–1614},
numpages = {5},
keywords = {statistics, software testing, probability, fuzzing, estimation},
location = {Athens, Greece},
series = {ESEC/FSE 2021}
}

@inproceedings{coveragerate2024,
author = {Liyanage, Danushka and Lee, Seongmin and Tantithamthavorn, Chakkrit and B\"{o}hme, Marcel},
title = {Extrapolating Coverage Rate in Greybox Fuzzing},
year = {2024},
isbn = {9798400702174},
publisher = {Association for Computing Machinery},
address = {New York, NY, USA},
url = {https://doi.org/10.1145/3597503.3639198},
doi = {10.1145/3597503.3639198},
booktitle = {Proceedings of the IEEE/ACM 46th International Conference on Software Engineering},
articleno = {132},
numpages = {12},
keywords = {greybox fuzzing, extrapolation, coverage rate, adaptive bias, statistical method},
location = {Lisbon, Portugal},
series = {ICSE '24}
}

@book{dijkstra2002ewd,
  title={Ewd 1308: What led to “notes on structured programming”},
  author={Dijkstra, Edsger W},
  year={2002},
  publisher={Springer}
}

@inproceedings{metzman2021fuzzbench,
  title={Fuzzbench: an open fuzzer benchmarking platform and service},
  author={Metzman, Jonathan and Szekeres, L{\'a}szl{\'o} and Simon, Laurent and Sprabery, Read and Arya, Abhishek},
  booktitle={Proceedings of the 29th ACM joint meeting on European software engineering conference and symposium on the foundations of software engineering},
  pages={1393--1403},
  year={2021}
}

@article{hazimeh2020magma,
  title={Magma: A ground-truth fuzzing benchmark},
  author={Hazimeh, Ahmad and Herrera, Adrian and Payer, Mathias},
  journal={Proceedings of the ACM on Measurement and Analysis of Computing Systems},
  volume={4},
  number={3},
  pages={1--29},
  year={2020},
  publisher={ACM New York, NY, USA}
}

@inproceedings{aflpp,
  author    = {Fioraldi, Andrea and Maier, Dominik and Ei{\ss}feldt, Heiko and Heuse, Marc},
  booktitle = {Proceedings of the USENIX Workshop on Offensive Technologies},
  title     = {{AFL++: Combining Incremental Steps of Fuzzing Research}},
  year      = {2020}
}

@inproceedings{statreachability_2023,
author = {Lee, Seongmin and B\"{o}hme, Marcel},
title = {Statistical Reachability Analysis},
year = {2023},
isbn = {9798400703270},
publisher = {Association for Computing Machinery},
address = {New York, NY, USA},
url = {https://doi.org/10.1145/3611643.3616268},
doi = {10.1145/3611643.3616268},
booktitle = {Proceedings of the 31st ACM Joint European Software Engineering Conference and Symposium on the Foundations of Software Engineering},
pages = {326–337},
numpages = {12},
keywords = {Markov chain, Quantitative reachability analysis, Reaching probability, Statistical reachability analysis},
location = {San Francisco, CA, USA},
series = {ESEC/FSE 2023}
}

@article{reachability_program_vars,
author = {Nikoli\'{c}, undefinedurica and Spoto, Fausto},
title = {Reachability analysis of program variables},
year = {2014},
issue_date = {December 2013},
publisher = {Association for Computing Machinery},
address = {New York, NY, USA},
volume = {35},
number = {4},
issn = {0164-0925},
url = {https://doi.org/10.1145/2529990},
doi = {10.1145/2529990},
journal = {ACM Trans. Program. Lang. Syst.},
month = jan,
articleno = {14},
numpages = {68},
keywords = {Java bytecode, Static analysis, abstract interpretation, constraint-based analysis, pointer analysis, reachability analysis}
}

@inproceedings{reachability_questions,
author = {LaToza, Thomas D. and Myers, Brad A.},
title = {Developers ask reachability questions},
year = {2010},
isbn = {9781605587196},
publisher = {Association for Computing Machinery},
address = {New York, NY, USA},
url = {https://doi.org/10.1145/1806799.1806829},
doi = {10.1145/1806799.1806829},
booktitle = {Proceedings of the 32nd ACM/IEEE International Conference on Software Engineering - Volume 1},
pages = {185–194},
numpages = {10},
keywords = {code navigation, developer questions, empirical study, program comprehension, software maintenance},
location = {Cape Town, South Africa},
series = {ICSE '10}
}

@inproceedings{annotate_reachability,
author = {Janota, Mikol\'{a}\v{s} and Grigore, Radu and Moskal, Michal},
title = {Reachability analysis for annotated code},
year = {2007},
isbn = {9781595937216},
publisher = {Association for Computing Machinery},
address = {New York, NY, USA},
url = {https://doi.org/10.1145/1292316.1292319},
doi = {10.1145/1292316.1292319},
booktitle = {Proceedings of the 2007 Conference on Specification and Verification of Component-Based Systems: 6th Joint Meeting of the European Conference on Software Engineering and the ACM SIGSOFT Symposium on the Foundations of Software Engineering},
pages = {23–30},
numpages = {8},
keywords = {ESC/Java2, JML},
location = {Dubrovnik, Croatia},
series = {SAVCBS '07}
}

@inproceedings{naus2023low,
  title={Low-Level Reachability Analysis Based on Formal Logic},
  author={Naus, Nico and Verbeek, Freek and Schoolderman, Marc and Ravindran, Binoy},
  booktitle={International Conference on Tests and Proofs},
  pages={21--39},
  year={2023},
  organization={Springer}
}

@inproceedings{kuznetsov2024empirical,
author = {Kuznetsov, Konstantin and Gambi, Alessio and Dhiddi, Saikrishna and Hess, Julia and Gopinath, Rahul},
title = {Empirical Evaluation of Frequency Based Statistical Models for Estimating Killable Mutants},
year = {2024},
isbn = {9798400710476},
publisher = {Association for Computing Machinery},
address = {New York, NY, USA},
url = {https://doi.org/10.1145/3674805.3686669},
doi = {10.1145/3674805.3686669},
booktitle = {Proceedings of the 18th ACM/IEEE International Symposium on Empirical Software Engineering and Measurement},
pages = {61–71},
numpages = {11},
location = {Barcelona, Spain},
series = {ESEM '24}
}

@incollection{dijkstra2022reliability,
  title={On the reliability of programs},
  author={Dijkstra, Edsger W},
  booktitle={Edsger Wybe Dijkstra: His Life, Work, and Legacy},
  pages={359--370},
  year={2022}
}

@article{horgan1994achieving,
  title={Achieving software quality with testing coverage measures},
  author={Horgan, Joseph R. and London, Saul and Lyu, Michael R},
  journal={Computer},
  volume={27},
  number={9},
  pages={60--69},
  year={1994},
  publisher={IEEE}
}

@INPROCEEDINGS{Aniche2015,
  author={Aniche, Maurício F. and Oliva, Gustavo A. and Gerosa, Marco A.},
  booktitle={2015 29th Brazilian Symposium on Software Engineering}, 
  title={Why Statically Estimate Code Coverage is So Hard? A Report of Lessons Learned}, 
  year={2015},
  volume={},
  number={},
  pages={185-190},
  keywords={Production;Measurement;Java;Software;Complexity theory;Data mining;Manuals},
  doi={10.1109/SBES.2015.28}}

@inproceedings{knight1996exhaustive,
  title={Exhaustive Testing As A Verification Technique},
  author={Knight, John C and Wika, Kevin G and Wrege, Shannon},
  booktitle={Submitted to the International Symposium on Software Testing and Analysis},
  pages={68--73},
  year={1996},
  organization={Citeseer}
}

@article{fell2017review,
  title={A review of fuzzing tools and methods},
  author={Fell, James},
  journal={PenTest Magazine},
  year={2017}
}

@article{chao2017thirty,
  title={Thirty years of progeny from Chao’s inequality: Estimating and comparing richness with incidence data and incomplete sampling},
  author={Chao, Anne and Colwell, Robert K},
  journal={SORT-Statistics and Operations Research Transactions},
  volume={41},
  number={1},
  pages={3--54},
  year={2017}
}

@article{chao2016species,
  title={Species richness: estimation and comparison},
  author={Chao, Anne and Chiu, Chun-Huo and others},
  journal={Wiley StatsRef: statistics reference online},
  volume={1},
  pages={26},
  year={2016}
}

@inproceedings{Liew2019,
author = {Liew, Daniel and Cadar, Cristian and Donaldson, Alastair F. and Stinnett, J. Ryan},
title = {Just fuzz it: solving floating-point constraints using coverage-guided fuzzing},
year = {2019},
isbn = {9781450355728},
publisher = {Association for Computing Machinery},
address = {New York, NY, USA},
url = {https://doi.org/10.1145/3338906.3338921},
doi = {10.1145/3338906.3338921},
booktitle = {Proceedings of the 2019 27th ACM Joint Meeting on European Software Engineering Conference and Symposium on the Foundations of Software Engineering},
pages = {521–532},
numpages = {12},
keywords = {feedback-directed fuzzing, Constraint solving},
location = {Tallinn, Estonia},
series = {ESEC/FSE 2019}
}
